@INPROCEEDINGS{IAU1974,
  author = {IAU},
  booktitle = {Proc. IAU General Assembly 15},
  year = {1974},
  pages = {166},
  address = {Dordrecht},
  organization = {IAU},
  publisher = {Reidel},
  owner = {kuiper},
  timestamp = {2011.06.14}
}

@ARTICLE{IEEE1969,
  author = {IEEE},
  title = {Standard Definitions of Terms for RADIO WAVE PROPAGATION},
  journal = {IEEE Transactions on Antennas and Propagation},
  year = {1969},
  volume = {AP-17},
  pages = {270-275},
  owner = {kuiper},
  timestamp = {2011.06.14}
}

